<record><leader>00000cas a22000007a 4500</leader><controlfield tag="001">10553458</controlfield><controlfield tag="008">840323d18751894nbuwr ne      0    0eng d</controlfield><datafield ind1=" " ind2=" " tag="010"><subfield code="a">sn 84022725 </subfield></datafield><datafield ind1=" " ind2=" " tag="040"><subfield code="a">NPX</subfield><subfield code="b">eng</subfield><subfield code="c">NPX</subfield><subfield code="d">NVG</subfield><subfield code="d">OCLCQ</subfield><subfield code="d">OCLCF</subfield><subfield code="d">OCLCO</subfield></datafield><datafield ind1=" " ind2=" " tag="042"><subfield code="a">msc</subfield></datafield><datafield ind1=" " ind2=" " tag="043"><subfield code="a">n-us-nb</subfield></datafield><datafield ind1="0" ind2="0" tag="245"><subfield code="a">Central City courier.</subfield></datafield><datafield ind1=" " ind2=" " tag="260"><subfield code="a">Central City, Merrick County, Neb. :</subfield><subfield code="b">Bowerman &amp; Steele,</subfield><subfield code="c">1875-1894.</subfield></datafield><datafield ind1=" " ind2=" " tag="300"><subfield code="a">v.</subfield></datafield><datafield ind1=" " ind2=" " tag="310"><subfield code="a">Weekly</subfield></datafield><datafield ind1="0" ind2=" " tag="362"><subfield code="a">Vol. 1, no. 49 (Mar. 11, 1875)-v. 21, no. 39 (Dec. 27, 1894).</subfield></datafield><datafield ind1=" " ind2="0" tag="651"><subfield code="a">Central City (Neb.)</subfield><subfield code="v">Newspapers.</subfield></datafield><datafield ind1=" " ind2="0" tag="651"><subfield code="a">Merrick County (Neb.)</subfield></datafield><datafield ind1=" " ind2="7" tag="655"><subfield code="a">Newspapers.</subfield><subfield code="2">fast</subfield><subfield code="0">(OCoLC)fst01423814</subfield></datafield><datafield ind1=" " ind2="7" tag="651"><subfield code="a">Nebraska</subfield><subfield code="z">Central City.</subfield><subfield code="2">fast</subfield><subfield code="0">(OCoLC)fst01221310</subfield></datafield><datafield ind1=" " ind2="7" tag="651"><subfield code="a">Nebraska</subfield><subfield code="z">Merrick County.</subfield><subfield code="2">fast</subfield><subfield code="0">(OCoLC)fst01206421</subfield></datafield><datafield ind1=" " ind2=" " tag="752"><subfield code="a">United States</subfield><subfield code="b">Nebraska</subfield><subfield code="c">Merrick</subfield><subfield code="d">Central City.</subfield></datafield><datafield ind1="0" ind2="0" tag="780"><subfield code="t">Lone tree courier</subfield></datafield></record>